@misc{amazon,
  author    =   "Author",
  title     =   "Title",
  year      =   "2017",
  url       =   "http://www.google.com",
  note      =   "Visited: 05-04-2017"
}